@article{Mishra-Sharma:2016gis,
      author         = "Mishra-Sharma, Siddharth and Rodd, Nicholas L. and Safdi,
                        Benjamin R.",
      title          = "{NPTFit: A code package for Non-Poissonian Template
                        Fitting}",
      journal        = "Astron. J.",
      volume         = "153",
      year           = "2017",
      number         = "6",
      pages          = "253",
      doi            = "10.3847/1538-3881/aa6d5f",
      eprint         = "1612.03173",
      archivePrefix  = "arXiv",
      primaryClass   = "astro-ph.HE",
      reportNumber   = "MIT-CTP-4864, PUPT-2515",
      SLACcitation   = "%%CITATION = ARXIV:1612.03173;%%"
}
@inproceedings{Leane:2020liq,
    author = "Leane, Rebecca K.",
    title = "{Indirect Detection of Dark Matter in the Galaxy}",
    booktitle = "{3rd World Summit on Exploring the Dark Side of the Universe}",
    eprint = "2006.00513",
    archivePrefix = "arXiv",
    primaryClass = "hep-ph",
    reportNumber = "MIT-CTP/5199",
    month = "5",
    year = "2020"
}

@article{Croon:2020lrf,
    author = "Croon, Djuna and Elor, Gilly and Leane, Rebecca K. and McDermott, Samuel D.",
    title = "{Supernova Muons: New Constraints on $Z$' Bosons, Axions and ALPs}",
    eprint = "2006.13942",
    archivePrefix = "arXiv",
    primaryClass = "hep-ph",
    reportNumber = "MIT-CTP/5214, FERMILAB-PUB-20-246-A-T",
    doi = "10.1007/JHEP01(2021)107",
    journal = "JHEP",
    volume = "01",
    pages = "107",
    year = "2021"
}
@article{Leane:2020wob,
    author = "Leane, Rebecca K. and Smirnov, Juri",
    title = "{Exoplanets as New Sub-GeV Dark Matter Detectors}",
    eprint = "2010.00015",
    archivePrefix = "arXiv",
    primaryClass = "hep-ph",
    reportNumber = "MIT-CTP/5230, SLAC-PUB-17556",
    month = "9",
    year = "2020"
}
@article{Buschmann:2020adf,
    author = "Buschmann, Malte and Rodd, Nicholas L. and Safdi, Benjamin R. and Chang, Laura J. and Mishra-Sharma, Siddharth and Lisanti, Mariangela and Macias, Oscar",
    title = "{Foreground Mismodeling and the Point Source Explanation of the Fermi Galactic Center Excess}",
    eprint = "2002.12373",
    archivePrefix = "arXiv",
    primaryClass = "astro-ph.HE",
    reportNumber = "LCTP-20-02",
    doi = "10.1103/PhysRevD.102.023023",
    journal = "Phys. Rev. D",
    volume = "102",
    number = "2",
    pages = "023023",
    year = "2020"
}
@article{TheFermi-LAT:2017vmf,
      author         = "Ackermann, M. and others",
      title          = "{The Fermi Galactic Center GeV Excess and Implications
                        for Dark Matter}",
      collaboration  = "Fermi-LAT",
      journal        = "Astrophys. J.",
      volume         = "840",
      year           = "2017",
      number         = "1",
      pages          = "43",
      doi            = "10.3847/1538-4357/aa6cab",
      eprint         = "1704.03910",
      archivePrefix  = "arXiv",
      primaryClass   = "astro-ph.HE",
      SLACcitation   = "%%CITATION = ARXIV:1704.03910;%%"
}

@article{Goodenough:2009gk,
      author         = "Goodenough, Lisa and Hooper, Dan",
      title          = "{Possible Evidence For Dark Matter Annihilation In The
                        Inner Milky Way From The Fermi Gamma Ray Space Telescope}",
      year           = "2009",
      eprint         = "0910.2998",
      archivePrefix  = "arXiv",
      primaryClass   = "hep-ph",
      reportNumber   = "FERMILAB-PUB-09-494-A",
      SLACcitation   = "%%CITATION = ARXIV:0910.2998;%%"
}

@article{Hooper:2010mq,
      author         = "Hooper, Dan and Goodenough, Lisa",
      title          = "{Dark Matter Annihilation in The Galactic Center As Seen
                        by the Fermi Gamma Ray Space Telescope}",
      journal        = "Phys. Lett.",
      volume         = "B697",
      year           = "2011",
      pages          = "412-428",
      doi            = "10.1016/j.physletb.2011.02.029",
      eprint         = "1010.2752",
      archivePrefix  = "arXiv",
      primaryClass   = "hep-ph",
      reportNumber   = "FERMILAB-PUB-10-414-A",
      SLACcitation   = "%%CITATION = ARXIV:1010.2752;%%"
}

@article{Hooper:2011ti,
      author         = "Hooper, Dan and Linden, Tim",
      title          = "{On The Origin Of The Gamma Rays From The Galactic
                        Center}",
      journal        = "Phys. Rev.",
      volume         = "D84",
      year           = "2011",
      pages          = "123005",
      doi            = "10.1103/PhysRevD.84.123005",
      eprint         = "1110.0006",
      archivePrefix  = "arXiv",
      primaryClass   = "astro-ph.HE",
      reportNumber   = "FERMILAB-PUB-11-505-A",
      SLACcitation   = "%%CITATION = ARXIV:1110.0006;%%"
}

@article{Abazajian:2012pn,
      author         = "Abazajian, Kevork N. and Kaplinghat, Manoj",
      title          = "{Detection of a Gamma-Ray Source in the Galactic Center
                        Consistent with Extended Emission from Dark Matter
                        Annihilation and Concentrated Astrophysical Emission}",
      journal        = "Phys. Rev.",
      volume         = "D86",
      year           = "2012",
      pages          = "083511",
      doi            = "10.1103/PhysRevD.86.083511, 10.1103/PhysRevD.87.129902",
      note           = "[Erratum: Phys. Rev.D87,129902(2013)]",
      eprint         = "1207.6047",
      archivePrefix  = "arXiv",
      primaryClass   = "astro-ph.HE",
      SLACcitation   = "%%CITATION = ARXIV:1207.6047;%%"
}

@article{Gordon:2013vta,
      author         = "Gordon, Chris and Macias, Oscar",
      title          = "{Dark Matter and Pulsar Model Constraints from Galactic
                        Center Fermi-LAT Gamma Ray Observations}",
      journal        = "Phys. Rev.",
      volume         = "D88",
      year           = "2013",
      number         = "8",
      pages          = "083521",
      doi            = "10.1103/PhysRevD.88.083521, 10.1103/PhysRevD.89.049901",
      note           = "[Erratum: Phys. Rev.D89,no.4,049901(2014)]",
      eprint         = "1306.5725",
      archivePrefix  = "arXiv",
      primaryClass   = "astro-ph.HE",
      SLACcitation   = "%%CITATION = ARXIV:1306.5725;%%"
}

@article{Hooper:2013rwa,
      author         = "Hooper, Dan and Slatyer, Tracy R.",
      title          = "{Two Emission Mechanisms in the Fermi Bubbles: A Possible
                        Signal of Annihilating Dark Matter}",
      journal        = "Phys. Dark Univ.",
      volume         = "2",
      year           = "2013",
      pages          = "118-138",
      doi            = "10.1016/j.dark.2013.06.003",
      eprint         = "1302.6589",
      archivePrefix  = "arXiv",
      primaryClass   = "astro-ph.HE",
      reportNumber   = "FERMILAB-PUB-13-052-A",
      SLACcitation   = "%%CITATION = ARXIV:1302.6589;%%"
}

@article{Abazajian:2014fta,
      author         = "Abazajian, Kevork N. and Canac, Nicolas and Horiuchi,
                        Shunsaku and Kaplinghat, Manoj",
      title          = "{Astrophysical and Dark Matter Interpretations of
                        Extended Gamma-Ray Emission from the Galactic Center}",
      journal        = "Phys. Rev.",
      volume         = "D90",
      year           = "2014",
      number         = "2",
      pages          = "023526",
      doi            = "10.1103/PhysRevD.90.023526",
      eprint         = "1402.4090",
      archivePrefix  = "arXiv",
      primaryClass   = "astro-ph.HE",
      SLACcitation   = "%%CITATION = ARXIV:1402.4090;%%"
}

@article{Daylan:2014rsa,
      author         = "Daylan, Tansu and Finkbeiner, Douglas P. and Hooper, Dan
                        and Linden, Tim and Portillo, Stephen K. N. and Rodd,
                        Nicholas L. and Slatyer, Tracy R.",
      title          = "{The characterization of the gamma-ray signal from the
                        central Milky Way: A case for annihilating dark matter}",
      journal        = "Phys. Dark Univ.",
      volume         = "12",
      year           = "2016",
      pages          = "1-23",
      doi            = "10.1016/j.dark.2015.12.005",
      eprint         = "1402.6703",
      archivePrefix  = "arXiv",
      primaryClass   = "astro-ph.HE",
      reportNumber   = "FERMILAB-PUB-14-032-A, MIT-CTP-4533",
      SLACcitation   = "%%CITATION = ARXIV:1402.6703;%%"
}

@article{Calore:2014xka,
      author         = "Calore, Francesca and Cholis, Ilias and Weniger,
                        Christoph",
      title          = "{Background Model Systematics for the Fermi GeV Excess}",
      journal        = "JCAP",
      volume         = "1503",
      year           = "2015",
      pages          = "038",
      doi            = "10.1088/1475-7516/2015/03/038",
      eprint         = "1409.0042",
      archivePrefix  = "arXiv",
      primaryClass   = "astro-ph.CO",
      reportNumber   = "FERMILAB-PUB-14-289-A",
      SLACcitation   = "%%CITATION = ARXIV:1409.0042;%%"
}

@article{Zhou:2014lva,
      author         = "Zhou, Bei and Liang, Yun-Feng and Huang, Xiaoyuan and Li,
                        Xiang and Fan, Yi-Zhong and Feng, Lei and Chang, Jin",
      title          = "{GeV excess in the Milky Way: The role of diffuse
                        galactic gamma-ray emission templates}",
      journal        = "Phys. Rev.",
      volume         = "D91",
      year           = "2015",
      number         = "12",
      pages          = "123010",
      doi            = "10.1103/PhysRevD.91.123010",
      eprint         = "1406.6948",
      archivePrefix  = "arXiv",
      primaryClass   = "astro-ph.HE",
      SLACcitation   = "%%CITATION = ARXIV:1406.6948;%%"
}

@article{TheFermi-LAT:2015kwa,
      author         = "Ajello, M. and others",
      title          = "{Fermi-LAT Observations of High-Energy $\gamma$-Ray
                        Emission Toward the Galactic Center}",
      collaboration  = "Fermi-LAT",
      journal        = "Astrophys. J.",
      volume         = "819",
      year           = "2016",
      number         = "1",
      pages          = "44",
      doi            = "10.3847/0004-637X/819/1/44",
      eprint         = "1511.02938",
      archivePrefix  = "arXiv",
      primaryClass   = "astro-ph.HE",
      SLACcitation   = "%%CITATION = ARXIV:1511.02938;%%"
}

@article{Feroz:2008xx,
      author         = "Feroz, F. and Hobson, M. P. and Bridges, M.",
      title          = "{MultiNest: an efficient and robust Bayesian inference
                        tool for cosmology and particle physics}",
      journal        = "Mon. Not. Roy. Astron. Soc.",
      volume         = "398",
      year           = "2009",
      pages          = "1601-1614",
      doi            = "10.1111/j.1365-2966.2009.14548.x",
      eprint         = "0809.3437",
      archivePrefix  = "arXiv",
      primaryClass   = "astro-ph",
      SLACcitation   = "%%CITATION = ARXIV:0809.3437;%%"
}

@article{Lee:2015fea,
      author         = "Lee, Samuel K. and Lisanti, Mariangela and Safdi,
                        Benjamin R. and Slatyer, Tracy R. and Xue, Wei",
      title          = "{Evidence for Unresolved $\gamma$-Ray Point Sources in
                        the Inner Galaxy}",
      journal        = "Phys. Rev. Lett.",
      volume         = "116",
      year           = "2016",
      number         = "5",
      pages          = "051103",
      doi            = "10.1103/PhysRevLett.116.051103",
      eprint         = "1506.05124",
      archivePrefix  = "arXiv",
      primaryClass   = "astro-ph.HE",
      reportNumber   = "MIT-CTP-4684",
      SLACcitation   = "%%CITATION = ARXIV:1506.05124;%%"
}

@article{Daylan:2016tia,
      author         = "Daylan, Tansu and Portillo, Stephen K. N. and Finkbeiner,
                        Douglas P.",
      title          = "{Inference of Unresolved Point Sources At High Galactic
                        Latitudes Using Probabilistic Catalogs}",
      journal        = "Astrophys. J.",
      volume         = "839",
      year           = "2017",
      number         = "1",
      pages          = "4",
      doi            = "10.3847/1538-4357/aa679e",
      eprint         = "1607.04637",
      archivePrefix  = "arXiv",
      primaryClass   = "astro-ph.IM",
      SLACcitation   = "%%CITATION = ARXIV:1607.04637;%%"
}

@article{Linden:2016rcf,
      author         = "Linden, Tim and Rodd, Nicholas L. and Safdi, Benjamin R.
                        and Slatyer, Tracy R.",
      title          = "{High-energy tail of the Galactic Center gamma-ray
                        excess}",
      journal        = "Phys. Rev.",
      volume         = "D94",
      year           = "2016",
      number         = "10",
      pages          = "103013",
      doi            = "10.1103/PhysRevD.94.103013",
      eprint         = "1604.01026",
      archivePrefix  = "arXiv",
      primaryClass   = "astro-ph.HE",
      SLACcitation   = "%%CITATION = ARXIV:1604.01026;%%"
}

@article{Lisanti:2016jub,
      author         = "Lisanti, Mariangela and Mishra-Sharma, Siddharth and
                        Necib, Lina and Safdi, Benjamin R.",
      title          = "{Deciphering Contributions to the Extragalactic Gamma-Ray
                        Background from 2 GeV to 2 TeV}",
      journal        = "Astrophys. J.",
      volume         = "832",
      year           = "2016",
      number         = "2",
      pages          = "117",
      doi            = "10.3847/0004-637X/832/2/117",
      eprint         = "1606.04101",
      archivePrefix  = "arXiv",
      primaryClass   = "astro-ph.HE",
      reportNumber   = "MIT-CTP-4808",
      SLACcitation   = "%%CITATION = ARXIV:1606.04101;%%"
}

@article{Lee:2014mza,
      author         = "Lee, Samuel K. and Lisanti, Mariangela and Safdi,
                        Benjamin R.",
      title          = "{Distinguishing Dark Matter from Unresolved Point Sources
                        in the Inner Galaxy with Photon Statistics}",
      journal        = "JCAP",
      volume         = "1505",
      year           = "2015",
      number         = "05",
      pages          = "056",
      doi            = "10.1088/1475-7516/2015/05/056",
      eprint         = "1412.6099",
      archivePrefix  = "arXiv",
      primaryClass   = "astro-ph.CO",
      reportNumber   = "MIT-CTP-4627",
      SLACcitation   = "%%CITATION = ARXIV:1412.6099;%%"
}


@ARTICLE{Malyshev:2011zi,
   author = {{Malyshev}, D. and {Hogg}, D.~W.},
    title = "{Statistics of Gamma-Ray Point Sources below the Fermi Detection Limit}",
  journal = {Apj},
archivePrefix = "arXiv",
   eprint = {1104.0010},
 primaryClass = "astro-ph.CO",
 keywords = {galaxies: active, gamma rays: diffuse background, gamma rays: general, methods: statistical, quasars: general},
     year = 2011,
    month = sep,
   volume = 738,
      eid = {181},
    pages = {181},
      doi = {10.1088/0004-637X/738/2/181},
  adsnote = {Provided by the SAO/NASA Astrophysics Data System}
}

@article{Zechlin:2015wdz,
      author         = "Zechlin, Hannes-S. and Cuoco, Alessandro and Donato,
                        Fiorenza and Fornengo, Nicolao and Vittino, Andrea",
      title          = "{Unveiling the Gamma-ray Source Count Distribution Below
                        the Fermi Detection Limit with Photon Statistics}",
      journal        = "Astrophys. J. Suppl.",
      volume         = "225",
      year           = "2016",
      number         = "2",
      pages          = "18",
      doi            = "10.3847/0067-0049/225/2/18",
      eprint         = "1512.07190",
      archivePrefix  = "arXiv",
      primaryClass   = "astro-ph.HE",
      reportNumber   = "TUM-HEP-1034-15",
      SLACcitation   = "%%CITATION = ARXIV:1512.07190;%%"
}

@article{Zechlin:2016pme,
      author         = "Zechlin, Hannes-S. and Cuoco, Alessandro and Donato,
                        Fiorenza and Fornengo, Nicolao and Regis, Marco",
      title          = "{Statistical Measurement of the Gamma-ray Source-count
                        Distribution as a Function of Energy}",
      journal        = "Astrophys. J.",
      volume         = "826",
      year           = "2016",
      number         = "2",
      pages          = "L31",
      doi            = "10.3847/2041-8205/826/2/L31",
      eprint         = "1605.04256",
      archivePrefix  = "arXiv",
      primaryClass   = "astro-ph.HE",
      SLACcitation   = "%%CITATION = ARXIV:1605.04256;%%"
}


@Misc{NPTFSim,
      author         = "Rodd, Nicholas and Toomey, Michael",
  title =     {NPTFit-Sim},
  url = "https://github.com/nickrodd/NPTFit-Sim"
}



@article{Gorski:2004by,
      author         = "Gorski, K. M. and Hivon, Eric and Banday, A. J. and
                        Wandelt, B. D. and Hansen, F. K. and Reinecke, M. and
                        Bartelman, M.",
      title          = "{HEALPix - A Framework for high resolution
                        discretization, and fast analysis of data distributed on
                        the sphere}",
      journal        = "Astrophys. J.",
      volume         = "622",
      year           = "2005",
      pages          = "759-771",
      doi            = "10.1086/427976",
      eprint         = "astro-ph/0409513",
      archivePrefix  = "arXiv",
      primaryClass   = "astro-ph",
      SLACcitation   = "%%CITATION = ASTRO-PH/0409513;%%"
}

@Article{Hunter:2007,
  Author    = {Hunter, J. D.},
  Title     = {Matplotlib: A 2D graphics environment},
  Journal   = {Computing In Science \& Engineering},
  Volume    = {9},
  Number    = {3},
  Pages     = {90--95},
  abstract  = {Matplotlib is a 2D graphics package used for Python
  for application development, interactive scripting, and
  publication-quality image generation across user
  interfaces and operating systems.},
  publisher = {IEEE COMPUTER SOC},
  doi       = {10.1109/MCSE.2007.55},
  year      = 2007
}

@Misc{sicpy,
  author =    {Eric Jones and Travis Oliphant and Pearu Peterson and others},
  title =     {{SciPy}: Open source scientific tools for {Python}},
  year =      {2001--},
  url = "http://www.scipy.org/"
}

@article{Perez:2007emg,
      author         = "Perez, Fernando and Granger, Brian E.",
      title          = "{IPython: A System for Interactive Scientific Computing}",
      journal        = "Comput. Sci. Eng.",
      volume         = "9",
      year           = "2007",
      number         = "3",
      pages          = "21-29",
      doi            = "10.1109/MCSE.2007.53",
      SLACcitation   = "%%CITATION = CSENF,9,21;%%"
}

@ARTICLE{2010ApJ...724.1044S,
   author = {{Su}, M. and {Slatyer}, T.~R. and {Finkbeiner}, D.~P.},
    title = "{Giant Gamma-ray Bubbles from Fermi-LAT: Active Galactic Nucleus Activity or Bipolar Galactic Wind?}",
  journal = {\apj},
archivePrefix = "arXiv",
   eprint = {1005.5480},
 primaryClass = "astro-ph.HE",
 keywords = {galaxies: active, galaxies: starburst, gamma rays: diffuse background, ISM: jets and outflows},
     year = 2010,
    month = dec,
   volume = 724,
    pages = {1044-1082},
      doi = {10.1088/0004-637X/724/2/1044},
   adsurl = {http://adsabs.harvard.edu/abs/2010ApJ...724.1044S},
  adsnote = {Provided by the SAO/NASA Astrophysics Data System}
}

@article{Navarro:1995iw,
      author         = "Navarro, Julio F. and Frenk, Carlos S. and White, Simon
                        D. M.",
      title          = "{The Structure of cold dark matter halos}",
      journal        = "Astrophys. J.",
      volume         = "462",
      year           = "1996",
      pages          = "563-575",
      doi            = "10.1086/177173",
      eprint         = "astro-ph/9508025",
      archivePrefix  = "arXiv",
      primaryClass   = "astro-ph",
      SLACcitation   = "%%CITATION = ASTRO-PH/9508025;%%"
}

@article{Navarro:1996gj,
      author         = "Navarro, Julio F. and Frenk, Carlos S. and White, Simon
                        D. M.",
      title          = "{A Universal density profile from hierarchical
                        clustering}",
      journal        = "Astrophys. J.",
      volume         = "490",
      year           = "1997",
      pages          = "493-508",
      doi            = "10.1086/304888",
      eprint         = "astro-ph/9611107",
      archivePrefix  = "arXiv",
      primaryClass   = "astro-ph",
      SLACcitation   = "%%CITATION = ASTRO-PH/9611107;%%"
}

@ARTICLE{2018NatAs...2..387M,
   author = {{Macias}, O. and {Gordon}, C. and {Crocker}, R.~M. and {Coleman}, B. and 
	{Paterson}, D. and {Horiuchi}, S. and {Pohl}, M.},
    title = "{Galactic bulge preferred over dark matter for the Galactic centre gamma-ray excess}",
  journal = {Nature Astronomy},
     year = 2018,
    month = may,
   volume = 2,
    pages = {387-392},
      doi = {10.1038/s41550-018-0414-3},
   adsurl = {http://adsabs.harvard.edu/abs/2018NatAs...2..387M},
  adsnote = {Provided by the SAO/NASA Astrophysics Data System}
}

@article{Leane:2019,
      author         = "Leane, Rebecca K. and Slatyer, Tracy R.",
      journal          = "to appear",
      year 		= "2019"
}

@article{Bartels:2015aea,
      author         = "Bartels, Richard and Krishnamurthy, Suraj and Weniger,
                        Christoph",
      title          = "{Strong support for the millisecond pulsar origin of the
                        Galactic center GeV excess}",
      journal        = "Phys. Rev. Lett.",
      volume         = "116",
      year           = "2016",
      number         = "5",
      pages          = "051102",
      doi            = "10.1103/PhysRevLett.116.051102",
      eprint         = "1506.05104",
      archivePrefix  = "arXiv",
      primaryClass   = "astro-ph.HE",
      SLACcitation   = "%%CITATION = ARXIV:1506.05104;%%"
}

@article{Hooper:2013nhl,
      author         = "Hooper, Dan and Cholis, Ilias and Linden, Tim and
                        Siegal-Gaskins, Jennifer and Slatyer, Tracy",
      title          = "{Pulsars Cannot Account for the Inner Galaxy's GeV
                        Excess}",
      journal        = "Phys. Rev.",
      volume         = "D88",
      year           = "2013",
      pages          = "083009",
      doi            = "10.1103/PhysRevD.88.083009",
      eprint         = "1305.0830",
      archivePrefix  = "arXiv",
      primaryClass   = "astro-ph.HE",
      reportNumber   = "FERMILAB-PUB-13-129-A",
      SLACcitation   = "%%CITATION = ARXIV:1305.0830;%%"
}

@article{Mirabal:2013rba,
      author         = "Mirabal, N.",
      title          = "{Dark matter vs. Pulsars: Catching the impostor}",
      journal        = "Mon. Not. Roy. Astron. Soc.",
      volume         = "436",
      year           = "2013",
      pages          = "2461",
      doi            = "10.1093/mnras/stt1740",
      eprint         = "1309.3428",
      archivePrefix  = "arXiv",
      primaryClass   = "astro-ph.HE",
      SLACcitation   = "%%CITATION = ARXIV:1309.3428;%%"
}

@article{Calore:2014oga,
      author         = "Calore, F. and Di Mauro, M. and Donato, F. and Donato,
                        F.",
      title          = "{Diffuse gamma-ray emission from galactic pulsars}",
      journal        = "Astrophys. J.",
      volume         = "796",
      year           = "2014",
      pages          = "1",
      doi            = "10.1088/0004-637X/796/1/14",
      eprint         = "1406.2706",
      archivePrefix  = "arXiv",
      primaryClass   = "astro-ph.HE",
      SLACcitation   = "%%CITATION = ARXIV:1406.2706;%%"
}

@article{Cholis:2014lta,
      author         = "Cholis, Ilias and Hooper, Dan and Linden, Tim",
      title          = "{Challenges in Explaining the Galactic Center Gamma-Ray
                        Excess with Millisecond Pulsars}",
      journal        = "JCAP",
      volume         = "1506",
      year           = "2015",
      number         = "06",
      pages          = "043",
      doi            = "10.1088/1475-7516/2015/06/043",
      eprint         = "1407.5625",
      archivePrefix  = "arXiv",
      primaryClass   = "astro-ph.HE",
      reportNumber   = "FERMILAB-PUB-14-240-A",
      SLACcitation   = "%%CITATION = ARXIV:1407.5625;%%"
}

@article{Yuan:2014yda,
      author         = "Yuan, Qiang and Ioka, Kunihito",
      title          = "{Testing the millisecond pulsar scenario of the Galactic
                        center gamma-ray excess with very high energy gamma-rays}",
      journal        = "Astrophys. J.",
      volume         = "802",
      year           = "2015",
      number         = "2",
      pages          = "124",
      doi            = "10.1088/0004-637X/802/2/124",
      eprint         = "1411.4363",
      archivePrefix  = "arXiv",
      primaryClass   = "astro-ph.HE",
      reportNumber   = "KEK-TH-1779, KEK-COSMO-157",
      SLACcitation   = "%%CITATION = ARXIV:1411.4363;%%"
}

@article{OLeary:2015qpx,
      author         = "O'Leary, Ryan M. and Kistler, Matthew D. and Kerr,
                        Matthew and Dexter, Jason",
      title          = "{Young Pulsars and the Galactic Center GeV Gamma-ray
                        Excess}",
      year           = "2015",
      eprint         = "1504.02477",
      archivePrefix  = "arXiv",
      primaryClass   = "astro-ph.HE",
      SLACcitation   = "%%CITATION = ARXIV:1504.02477;%%"
}


@article{Petrovic:2014uda,
      author         = "Petrović, Jovana and Serpico, Pasquale Dario and
                        Zaharijaš, Gabrijela",
      title          = "{Galactic Center gamma-ray "excess" from an active past
                        of the Galactic Centre?}",
      journal        = "JCAP",
      volume         = "1410",
      year           = "2014",
      number         = "10",
      pages          = "052",
      doi            = "10.1088/1475-7516/2014/10/052",
      eprint         = "1405.7928",
      archivePrefix  = "arXiv",
      primaryClass   = "astro-ph.HE",
      reportNumber   = "LAPTH-038-14",
      SLACcitation   = "%%CITATION = ARXIV:1405.7928;%%"
}

@article{Carlson:2014cwa,
      author         = "Carlson, Eric and Profumo, Stefano",
      title          = "{Cosmic Ray Protons in the Inner Galaxy and the Galactic
                        Center Gamma-Ray Excess}",
      journal        = "Phys. Rev.",
      volume         = "D90",
      year           = "2014",
      number         = "2",
      pages          = "023015",
      doi            = "10.1103/PhysRevD.90.023015",
      eprint         = "1405.7685",
      archivePrefix  = "arXiv",
      primaryClass   = "astro-ph.HE",
      SLACcitation   = "%%CITATION = ARXIV:1405.7685;%%"
}

@article{Balaji:2018rwz,
      author         = "Balaji, Bhaskaran and Cholis, Ilias and Fox, Patrick J.
                        and McDermott, Samuel D.",
      title          = "{Analyzing the Gamma-Ray Sky with Wavelets}",
      journal        = "Phys. Rev.",
      volume         = "D98",
      year           = "2018",
      number         = "4",
      pages          = "043009",
      doi            = "10.1103/PhysRevD.98.043009",
      eprint         = "1803.01952",
      archivePrefix  = "arXiv",
      primaryClass   = "astro-ph.HE",
      reportNumber   = "FERMILAB-PUB-18-057-A-T",
      SLACcitation   = "%%CITATION = ARXIV:1803.01952;%%"
}

@article{DiMauro:2015tfa,
      author         = "Di Mauro, Mattia and Donato, Fiorenza",
      title          = "{Composition of the Fermi-LAT isotropic gamma-ray
                        background intensity: Emission from extragalactic point
                        sources and dark matter annihilations}",
      journal        = "Phys. Rev.",
      volume         = "D91",
      year           = "2015",
      number         = "12",
      pages          = "123001",
      doi            = "10.1103/PhysRevD.91.123001",
      eprint         = "1501.05316",
      archivePrefix  = "arXiv",
      primaryClass   = "astro-ph.HE",
      SLACcitation   = "%%CITATION = ARXIV:1501.05316;%%"
}

@article{Cholis:2013ena,
      author         = "Cholis, Ilias and Hooper, Dan and McDermott, Samuel D.",
      title          = "{Dissecting the Gamma-Ray Background in Search of Dark
                        Matter}",
      journal        = "JCAP",
      volume         = "1402",
      year           = "2014",
      pages          = "014",
      doi            = "10.1088/1475-7516/2014/02/014",
      eprint         = "1312.0608",
      archivePrefix  = "arXiv",
      primaryClass   = "astro-ph.CO",
      reportNumber   = "FERMILAB-PUB-13-546-A, MCTP-13-40",
      SLACcitation   = "%%CITATION = ARXIV:1312.0608;%%"
}

@article{DiMauro:2013zfa,
      author         = "Di Mauro, M. and Donato, F. and Lamanna, G. and Sanchez,
                        D. A. and Serpico, P. D.",
      title          = "{Diffuse $\gamma$-ray emission from unresolved BL Lac
                        objects}",
      journal        = "Astrophys. J.",
      volume         = "786",
      year           = "2014",
      pages          = "129",
      doi            = "10.1088/0004-637X/786/2/129",
      eprint         = "1311.5708",
      archivePrefix  = "arXiv",
      primaryClass   = "astro-ph.HE",
      reportNumber   = "LAPTH-067-13",
      SLACcitation   = "%%CITATION = ARXIV:1311.5708;%%"
}

@article{Ackermann:2014usa,
      author         = "Ackermann, M. and others",
      title          = "{The spectrum of isotropic diffuse gamma-ray emission
                        between 100 MeV and 820 GeV}",
      collaboration  = "Fermi-LAT",
      journal        = "Astrophys. J.",
      volume         = "799",
      year           = "2015",
      pages          = "86",
      doi            = "10.1088/0004-637X/799/1/86",
      eprint         = "1410.3696",
      archivePrefix  = "arXiv",
      primaryClass   = "astro-ph.HE",
      SLACcitation   = "%%CITATION = ARXIV:1410.3696;%%"
}

@article{Abazajian:2010zy,
      author         = "Abazajian, Kevork N.",
      title          = "{The Consistency of Fermi-LAT Observations of the
                        Galactic Center with a Millisecond Pulsar Population in
                        the Central Stellar Cluster}",
      journal        = "JCAP",
      volume         = "1103",
      year           = "2011",
      pages          = "010",
      doi            = "10.1088/1475-7516/2011/03/010",
      eprint         = "1011.4275",
      archivePrefix  = "arXiv",
      primaryClass   = "astro-ph.HE",
      reportNumber   = "UMD-PP-10-019",
      SLACcitation   = "%%CITATION = ARXIV:1011.4275;%%"
}


@misc{dan_foreman_mackey_2016_53155,
  author       = {Dan Foreman-Mackey and
                  Will Vousden and
                  Adrian Price-Whelan and
                  Matt Pitkin and
                  Victor Zabalza and
                  Geoffrey Ryan and
                  Emily and
                  Michael Smith and
                  Gregory Ashton and
                  Kelle Cruz and
                  Wolfgang Kerzendorf and
                  Thomas A Caswell and
                  Stephan Hoyer and
                  Kyle Barbary and
                  Ian Czekala and
                  Hanno Rein and
                  Eric Gentry and
                  Brendon J. Brewer and
                  David W. Hogg},
  title        = {corner.py: corner.py v2.0.0},
  month        = may,
  year         = 2016,
  doi          = {10.5281/zenodo.53155},
  url          = {https://doi.org/10.5281/zenodo.53155}
}

@misc{contributors-gsl-gnu-2010,
  author = {Contributors, GSL Project},
  howpublished = {http://www.gnu.org/software/gsl/},
  journal = {The {GNU} Operating System},
  title = {{GSL} - {GNU} Scientific Library - {GNU} Project -
                 Free Software Foundation {(FSF)}},
  url = {http://www.gnu.org/software/gsl/},
  year = 2010
}

@manual{mpmath,
  key     = {mpmath},
  author  = {Fredrik Johansson and others},
  title   = {mpmath: a {P}ython library for arbitrary-precision floating-point arithmetic (version 0.18)},
  note    = {{\tt http://mpmath.org/}},
  month   = {December},
  year    = {2013},
}

@article{Bartels:2018xom,
      author         = "Bartels, R. T. and Edwards, T. D. P. and Weniger, C.",
      title          = "{Bayesian Model Comparison and Analysis of the Galactic
                        Disk Population of Gamma-Ray Millisecond Pulsars}",
      doi            = "10.1093/mnras/sty2529",
      year           = "2018",
      eprint         = "1805.11097",
      archivePrefix  = "arXiv",
      primaryClass   = "astro-ph.HE",
      SLACcitation   = "%%CITATION = ARXIV:1805.11097;%%"
}

@article{Bartels:2017vsx,
      author         = "Bartels, Richard and Storm, Emma and Weniger, Christoph
                        and Calore, Francesca",
      title          = "{The Fermi-LAT GeV excess as a tracer of stellar mass in
                        the Galactic bulge}",
      journal        = "Nat. Astron.",
      volume         = "2",
      year           = "2018",
      number         = "10",
      pages          = "819-828",
      doi            = "10.1038/s41550-018-0531-z",
      eprint         = "1711.04778",
      archivePrefix  = "arXiv",
      primaryClass   = "astro-ph.HE",
      SLACcitation   = "%%CITATION = ARXIV:1711.04778;%%"
}

@ARTICLE{2018ApJ...855...33D,
   author = {{Di Teodoro}, E.~M. and {McClure-Griffiths}, N.~M. and {Lockman}, F.~J. and 
	{Denbo}, S.~R. and {Endsley}, R. and {Ford}, H.~A. and {Harrington}, K.
	},
    title = "{Blowing in the Milky Way Wind: Neutral Hydrogen Clouds Tracing the Galactic Nuclear Outflow}",
  journal = {\apj},
archivePrefix = "arXiv",
   eprint = {1802.02152},
 keywords = {Galaxy: center, Galaxy: nucleus, ISM: clouds, ISM: jets and outflows, ISM: kinematics and dynamics},
     year = 2018,
    month = mar,
   volume = 855,
      eid = {33},
    pages = {33},
      doi = {10.3847/1538-4357/aaad6a},
   adsurl = {http://adsabs.harvard.edu/abs/2018ApJ...855...33D},
  adsnote = {Provided by the SAO/NASA Astrophysics Data System}
}

@article{Leane:2020nmi,
    author = "Leane, Rebecca K. and Slatyer, Tracy R.",
    title = "{Spurious Point Source Signals in the Galactic Center Excess}",
    eprint = "2002.12370",
    archivePrefix = "arXiv",
    primaryClass = "astro-ph.HE",
    reportNumber = "MIT-CTP/5170",
    doi = "10.1103/PhysRevLett.125.121105",
    journal = "Phys. Rev. Lett.",
    volume = "125",
    number = "12",
    pages = "121105",
    year = "2020"
}

@article{Leane:2020pfc,
    author = "Leane, Rebecca K. and Slatyer, Tracy R.",
    title = "{The enigmatic Galactic Center excess: Spurious point sources and signal mismodeling}",
    eprint = "2002.12371",
    archivePrefix = "arXiv",
    primaryClass = "astro-ph.HE",
    reportNumber = "MIT-CTP/5178",
    doi = "10.1103/PhysRevD.102.063019",
    journal = "Phys. Rev. D",
    volume = "102",
    number = "6",
    pages = "063019",
    year = "2020"
}

@article{Leane:2019xiy,
    author = "Leane, Rebecca K. and Slatyer, Tracy R.",
    title = "{Revival of the Dark Matter Hypothesis for the Galactic Center Gamma-Ray Excess}",
    eprint = "1904.08430",
    archivePrefix = "arXiv",
    primaryClass = "astro-ph.HE",
    reportNumber = "MIT-CTP/5104",
    doi = "10.1103/PhysRevLett.123.241101",
    journal = "Phys. Rev. Lett.",
    volume = "123",
    number = "24",
    pages = "241101",
    year = "2019"
}

@article{Hooper:2019xss,
    author = "Hooper, Dan and Leane, Rebecca K. and Tsai, Yu-Dai and Wegsman, Shalma and Witte, Samuel J.",
    title = "{A systematic study of hidden sector dark matter:application to the gamma-ray and antiproton excesses}",
    eprint = "1912.08821",
    archivePrefix = "arXiv",
    primaryClass = "hep-ph",
    reportNumber = "MIT-CTP/5157, FERMILAB-PUB-19-628-A",
    doi = "10.1007/JHEP07(2020)163",
    journal = "JHEP",
    volume = "07",
    number = "07",
    pages = "163",
    year = "2020"
}
