@article{Ploeg:2020jeh,
    author = "Ploeg, Harrison and Gordon, Chris and Crocker, Roland and Macias, Oscar",
    title = "{Comparing the Galactic Bulge and Galactic Disk Millisecond Pulsars}",
    eprint = "2008.10821",
    archivePrefix = "arXiv",
    primaryClass = "astro-ph.HE",
    doi = "10.1088/1475-7516/2020/12/035",
    journal = "JCAP",
    volume = "12",
    pages = "035",
    year = "2020"
}
@article{osti_1305131,
      title = "{The gamma-ray pulsar population of globular clusters: Implications for the GeV excess}",
      author = "Hooper, Dan and Linden, Tim",
      doi = "10.1088/1475-7516/2016/08/018",
      journal = "JCAP",
      issn = "1475-7516",
      number = "08",
      volume = "2016",
      place = "United States",
      year = "2016",
      month = "8"
}
@article{Zhong:2019ycb,
    author = "Zhong, Yi-Ming and McDermott, Samuel D. and Cholis, Ilias and Fox, Patrick J.",
    title = "{Testing the Sensitivity of the Galactic Center Excess to the Point Source Mask}",
    eprint = "1911.12369",
    archivePrefix = "arXiv",
    primaryClass = "astro-ph.HE",
    reportNumber = "FERMILAB-PUB-19-575-T",
    doi = "10.1103/PhysRevLett.124.231103",
    journal = "Phys. Rev. Lett.",
    volume = "124",
    number = "23",
    pages = "231103",
    year = "2020"
}
@article{Lee:2015fea,
    author = "Lee, Samuel K. and Lisanti, Mariangela and Safdi, Benjamin R. and Slatyer, Tracy R. and Xue, Wei",
    title = "{Evidence for Unresolved $\gamma$-Ray Point Sources in the Inner Galaxy}",
    eprint = "1506.05124",
    archivePrefix = "arXiv",
    primaryClass = "astro-ph.HE",
    reportNumber = "MIT-CTP-4684",
    doi = "10.1103/PhysRevLett.116.051103",
    journal = "Phys. Rev. Lett.",
    volume = "116",
    number = "5",
    pages = "051103",
    year = "2016"
}
@article{Goodenough:2009gk,
    author = "Goodenough, Lisa and Hooper, Dan",
    title = "{Possible Evidence For Dark Matter Annihilation In The Inner Milky Way From The Fermi Gamma Ray Space Telescope}",
    eprint = "0910.2998",
    archivePrefix = "arXiv",
    primaryClass = "hep-ph",
    reportNumber = "FERMILAB-PUB-09-494-A",
    month = "10",
    year = "2009"
}
@article{Ballet:2020hze,
    author = "Ballet, J. and Burnett, T. H. and Digel, S. W. and Lott, B.",
    collaboration = "Fermi-LAT",
    title = "{Fermi Large Area Telescope Fourth Source Catalog Data Release 2}",
    eprint = "2005.11208",
    archivePrefix = "arXiv",
    primaryClass = "astro-ph.HE",
    month = "5",
    year = "2020"
}
@article{Fermi-LAT:2019yla,
    author = "Abdollahi, S. and others",
    collaboration = "Fermi-LAT",
    title = "{$Fermi$ Large Area Telescope Fourth Source Catalog}",
    eprint = "1902.10045",
    archivePrefix = "arXiv",
    primaryClass = "astro-ph.HE",
    doi = "10.3847/1538-4365/ab6bcb",
    journal = "Astrophys. J. Suppl.",
    volume = "247",
    number = "1",
    pages = "33",
    year = "2020"
}

@article{Abazajian:2012pn,
    author = "Abazajian, Kevork N. and Kaplinghat, Manoj",
    title = "{Detection of a Gamma-Ray Source in the Galactic Center Consistent with Extended Emission from Dark Matter Annihilation and Concentrated Astrophysical Emission}",
    eprint = "1207.6047",
    archivePrefix = "arXiv",
    primaryClass = "astro-ph.HE",
    doi = "10.1103/PhysRevD.86.083511",
    journal = "Phys. Rev. D",
    volume = "86",
    pages = "083511",
    year = "2012",
    note = "[Erratum: Phys.Rev.D 87, 129902 (2013)]"
}

@article{Wang:2005,
    author = "Wang W., Jiang Z. J., and Cheng, K.S.",
    title = "{Contribution to diffuse gamma-rays in the Galactic Centre region from
unresolved millisecond pulsars}",
    doi = "10.1111/j.1365-2966.2005.08816.x",
    journal = "Mon. Not. R. Astron. Soc.",
    volume = "358",
    pages = "263â€“269",
    year = "2005",
}

@article{Yuan:2014yda,
    author = "Yuan, Qiang and Ioka, Kunihito",
    title = "{Testing the millisecond pulsar scenario of the Galactic center gamma-ray excess with very high energy gamma-rays}",
    eprint = "1411.4363",
    archivePrefix = "arXiv",
    primaryClass = "astro-ph.HE",
    reportNumber = "KEK-TH-1779, KEK-COSMO-157",
    doi = "10.1088/0004-637X/802/2/124",
    journal = "Astrophys. J.",
    volume = "802",
    number = "2",
    pages = "124",
    year = "2015"
}

@article{Eckner:2017oul,
    author = "Eckner, Christopher and others",
    title = "{Millisecond pulsar origin of the Galactic center excess and extended gamma-ray emission from Andromeda - a closer look}",
    eprint = "1711.05127",
    archivePrefix = "arXiv",
    primaryClass = "astro-ph.HE",
    reportNumber = "LAPTH-053-17, LAPTH-053/17",
    doi = "10.3847/1538-4357/aac029",
    journal = "Astrophys. J.",
    volume = "862",
    number = "1",
    pages = "79",
    year = "2018"
}

@article{Calore:2014xka,
    author = "Calore, Francesca and Cholis, Ilias and Weniger, Christoph",
    title = "{Background Model Systematics for the Fermi GeV Excess}",
    eprint = "1409.0042",
    archivePrefix = "arXiv",
    primaryClass = "astro-ph.CO",
    reportNumber = "FERMILAB-PUB-14-289-A",
    doi = "10.1088/1475-7516/2015/03/038",
    journal = "JCAP",
    volume = "03",
    pages = "038",
    year = "2015"
}

@article{DiMauro:2021raz,
    author = "Di Mauro, Mattia",
    title = "{Characteristics of the Galactic Center excess measured with 11 years of $Fermi$-LAT data}",
    eprint = "2101.04694",
    archivePrefix = "arXiv",
    primaryClass = "astro-ph.HE",
    doi = "10.1103/PhysRevD.103.063029",
    journal = "Phys. Rev. D",
    volume = "103",
    number = "6",
    pages = "063029",
    year = "2021"
}

@article{Abazajian:2014fta,
    author = "Abazajian, Kevork N. and Canac, Nicolas and Horiuchi, Shunsaku and Kaplinghat, Manoj",
    title = "{Astrophysical and Dark Matter Interpretations of Extended Gamma-Ray Emission from the Galactic Center}",
    eprint = "1402.4090",
    archivePrefix = "arXiv",
    primaryClass = "astro-ph.HE",
    doi = "10.1103/PhysRevD.90.023526",
    journal = "Phys. Rev. D",
    volume = "90",
    number = "2",
    pages = "023526",
    year = "2014"
}
